<?xml version="1.0" encoding="UTF-8"?><record xmlns="http://www.loc.gov/MARC21/slim" xmlns:cinclude="http://apache.org/cocoon/include/1.0" xmlns:zs="http://www.loc.gov/zing/srw/">
  <leader>00474cz  a2200157n  4500</leader>
  <controlfield tag="001">n  81062040 </controlfield>
  <controlfield tag="003">DLC</controlfield>
  <controlfield tag="005">20090131080256.0</controlfield>
  <controlfield tag="008">810811n| acannaabn          |a ana      </controlfield>
  <datafield tag="010" ind1=" " ind2=" ">
    <subfield code="a">n  81062040 </subfield>
  </datafield>
  <datafield tag="035" ind1=" " ind2=" ">
    <subfield code="a">(OCoLC)oca00607453</subfield>
  </datafield>
  <datafield tag="040" ind1=" " ind2=" ">
    <subfield code="a">DLC</subfield>
    <subfield code="b">eng</subfield>
    <subfield code="c">DLC</subfield>
    <subfield code="d">OCoLC</subfield>
  </datafield>
  <datafield tag="110" ind1="2" ind2=" ">
    <subfield code="a">Miyazaki-ken Kyōiku Iinkai.</subfield>
    <subfield code="b">Bunkaka</subfield>
  </datafield>
  <datafield tag="410" ind1="1" ind2=" ">
    <subfield code="w">nnaa</subfield>
    <subfield code="a">Miyazaki, Japan (Prefecture).</subfield>
    <subfield code="b">Kyōku Iinkai.</subfield>
    <subfield code="b">Bunkaka</subfield>
  </datafield>
  <datafield tag="510" ind1="2" ind2=" ">
    <subfield code="w">b</subfield>
    <subfield code="a">Miyazaki-ken Kyōikuchō.</subfield>
    <subfield code="b">Bunkaka</subfield>
  </datafield>
  <datafield tag="670" ind1=" " ind2=" ">
    <subfield code="a">Ohagi iseki, 1974.</subfield>
  </datafield>
</record>